<record><leader>00000cas a22000007a 4500</leader><controlfield tag="001">10325749</controlfield><controlfield tag="008">840121d18661867ohuwr ne      0    0eng d</controlfield><datafield ind1=" " ind2=" " tag="010"><subfield code="a">sn 84028020 </subfield></datafield><datafield ind1=" " ind2=" " tag="040"><subfield code="a">NPY</subfield><subfield code="b">eng</subfield><subfield code="c">NPY</subfield><subfield code="d">OCLCQ</subfield></datafield><datafield ind1=" " ind2=" " tag="042"><subfield code="a">msc</subfield></datafield><datafield ind1="0" ind2=" " tag="130"><subfield code="a">Commercial bulletin (Kent, Ohio : 1866)</subfield></datafield><datafield ind1="1" ind2="4" tag="245"><subfield code="a">The Commercial bulletin.</subfield></datafield><datafield ind1=" " ind2=" " tag="260"><subfield code="a">Kent, Ohio :</subfield><subfield code="b">M. Dewey,</subfield><subfield code="c">-1867.</subfield></datafield><datafield ind1=" " ind2=" " tag="300"><subfield code="a">1 v. :</subfield><subfield code="b">ill. ;</subfield><subfield code="c">33 cm.</subfield></datafield><datafield ind1=" " ind2=" " tag="310"><subfield code="a">Weekly</subfield></datafield><datafield ind1="0" ind2=" " tag="362"><subfield code="a">-v. 1, no. 34 (Sept. 7, 1867).</subfield></datafield><datafield ind1="1" ind2=" " tag="362"><subfield code="a">Began in 1866.</subfield></datafield><datafield ind1=" " ind2=" " tag="500"><subfield code="a">Published on Saturday.</subfield></datafield><datafield ind1=" " ind2=" " tag="500"><subfield code="a">"Devoted to literature, poetic gems, wit and humor, general and local news, etc."</subfield></datafield><datafield ind1=" " ind2=" " tag="588"><subfield code="a">Description based on: Vol. 1, no. 13 (Apr. 13, 1867).</subfield></datafield><datafield ind1="1" ind2=" " tag="700"><subfield code="a">Dewey, Marshall.</subfield></datafield><datafield ind1=" " ind2=" " tag="752"><subfield code="a">United States</subfield><subfield code="b">Ohio</subfield><subfield code="c">Portage</subfield><subfield code="d">Kent.</subfield></datafield><datafield ind1="0" ind2="0" tag="785"><subfield code="t">Saturday morning bulletin (Kent, Ohio : 1867)</subfield><subfield code="w">(DLC)sn 84028021</subfield></datafield></record>